% Encoding: UTF-8

@Article{raden2018interactive,
  author    = {Raden, Martin and Mohamed, Mostafa Mahmoud and Ali, Syed Mohsin and Backofen, Rolf},
  title     = {Interactive implementations of thermodynamics-based RNA structure and RNA--RNA interaction prediction approaches for example-driven teaching},
  journal   = {PLoS computational biology},
  year      = {2018},
  volume    = {14},
  number    = {8},
  pages     = {e1006341},
  publisher = {Public Library of Science},
}

@Comment{jabref-meta: databaseType:bibtex;}
